<?xml version="1.0" encoding="UTF-8"?>
<record xmlns="http://www.loc.gov/MARC21/slim" xmlns:xsi="http://www.w3.org/2001/XMLSchema-instance" xsi:schemaLocation="http://www.loc.gov/MARC21/slim http://www.loc.gov/standards/marcxml/schema/MARC21slim.xsd">
<leader>00000cam a22      i 4500</leader>
<controlfield tag="001">002820630</controlfield>
<controlfield tag="003">NNU</controlfield>
<controlfield tag="005">20150512160904.0</controlfield>
<controlfield tag="008">910325s1969    iq       b    000 0barar</controlfield>
<datafield tag="010" ind1=" " ind2=" ">
<subfield code="a">   75962120</subfield>
</datafield>
<datafield tag="035" ind1=" " ind2=" ">
<subfield code="a">(OCoLC)7711700</subfield>
</datafield>
<datafield tag="040" ind1=" " ind2=" ">
<subfield code="a">DLC</subfield>
<subfield code="b">eng</subfield>
<subfield code="c">TKN</subfield>
<subfield code="d">DLC</subfield>
<subfield code="d">OCLCA</subfield>
<subfield code="d">OCLCQ</subfield>
<subfield code="d">OCLCF</subfield>
<subfield code="d">NNU</subfield>
</datafield>
<datafield tag="042" ind1=" " ind2=" ">
<subfield code="a">premarc</subfield>
</datafield>
<datafield tag="050" ind1="0" ind2="0">
<subfield code="a">PJ7840.A85</subfield>
<subfield code="b">Z57</subfield>
</datafield>
<datafield tag="245" ind1="0" ind2="0">
<subfield code="6">880-01</subfield>
<subfield code="a">Muḥammad Mahdī al-Jawāhirī :</subfield>
<subfield code="b">Dirāsāt nqdīyah. aʻaddahā farīq min al-Kitāb al-ʻIrāqīīn /</subfield>
<subfield code="c">Asraf ʻalā Iṣdārihā Hādī al-ʻAlawī.</subfield>
</datafield>
<datafield tag="260" ind1=" " ind2=" ">
<subfield code="6">880-02</subfield>
<subfield code="a">Baghdād :</subfield>
<subfield code="b">[Maktabat al-Andalus],</subfield>
<subfield code="c">1969.</subfield>
</datafield>
<datafield tag="300" ind1=" " ind2=" ">
<subfield code="a">214 pages ;</subfield>
<subfield code="c">25 cm</subfield>
</datafield>
<datafield tag="336" ind1=" " ind2=" ">
<subfield code="a">text</subfield>
<subfield code="b">txt</subfield>
<subfield code="2">rdacontent</subfield>
</datafield>
<datafield tag="337" ind1=" " ind2=" ">
<subfield code="a">unmediated</subfield>
<subfield code="b">n</subfield>
<subfield code="2">rdamedia</subfield>
</datafield>
<datafield tag="338" ind1=" " ind2=" ">
<subfield code="a">volume</subfield>
<subfield code="b">nc</subfield>
<subfield code="2">rdacarrier</subfield>
</datafield>
<datafield tag="504" ind1=" " ind2=" ">
<subfield code="a">Includes bibliographical references.</subfield>
</datafield>
<datafield tag="505" ind1="0" ind2=" ">
<subfield code="6">880-03</subfield>
<subfield code="a">Min riḥlat al-fikr wa-al-taḥawul, li-Hadī al-ʻAalawī -- al-Shāʻir wa-al-Ḥakim wa-al-Madīnah, li-Jabrā Ibrāhīm Jabrā -- min al-Jhurbah ḥattā waʻy al-ghurbah, li-Fawzī Karīm -- al-Jawāhirī wa-al-turāth, li-Hāshim al-ṭaʻān -- maʻ al-marʼah, li-Dāʼūd Sallūm. -- lughat al-Shiʻr ʻind al-Jawāhirī, li-Ibrahīm al-Sāmarrāʼī -- al-Jawahirī Suḥfan, li-Salīm Taha al-Takrītī.</subfield>
</datafield>
<datafield tag="530" ind1=" " ind2=" ">
<subfield code="a">Also issued online.</subfield>
</datafield>
<datafield tag="600" ind1="1" ind2="0">
<subfield code="6">880-04</subfield>
<subfield code="a">Jawāhirī, Muḥammad Mahdī,</subfield>
<subfield code="d">1899?-1997.</subfield>
</datafield>
<datafield tag="600" ind1="1" ind2="7">
<subfield code="a">Jawāhirī, Muḥammad Mahdī,</subfield>
<subfield code="d">1899?-1997.</subfield>
<subfield code="2">fast</subfield>
<subfield code="0">(OCoLC)fst01898308</subfield>
</datafield>
<datafield tag="700" ind1="1" ind2=" ">
<subfield code="a">ʻAlawī, Hādī</subfield>
<subfield code="6">880-05</subfield>
<subfield code="e">editor.</subfield>
</datafield>
<datafield tag="776" ind1="0" ind2="8">
<subfield code="i">Online version:</subfield>
<subfield code="t">Muḥammad Mahdī al-Jawāhirī.</subfield>
<subfield code="d">Baghdād, [Maktabat al-Andalus] 1969</subfield>
<subfield code="w">(OCoLC)578362100</subfield>
</datafield>
<datafield tag="880" ind1="0" ind2="0">
<subfield code="6">245-01/</subfield>
<subfield code="a">محمد مهدي الجواهري :</subfield>
<subfield code="b">دراسات نقدية /</subfield>
<subfield code="c">أعدها فريق من الكتاب العراقيين ؛ أشرف على إصدارها هادي العلوي.</subfield>
</datafield>
<datafield tag="880" ind1=" " ind2=" ">
<subfield code="6">260-02/</subfield>
<subfield code="a">بغداد :</subfield>
<subfield code="b">[مكتبة الأندلس]،</subfield>
<subfield code="c">1969.</subfield>
</datafield>
<datafield tag="880" ind1="0" ind2=" ">
<subfield code="6">505-03/</subfield>
<subfield code="a">من رحلة الفكر والتحول، لهدي العلوي الشاعر والحكم والمدينة، لجبرا ابراهيم جبرا من الجهربة حتا وعي الغربة، لفوزي كريم الجواهري والتراث، لهاشم الطعان مع المرأة، لداؤود سلوم. لغة الشعر عند الجواهري، لابراهيم السامرائي الجوهري سحفن، لسليم طه التكريتي.</subfield>
</datafield>
<datafield tag="880" ind1="1" ind2="4">
<subfield code="6">600-04/</subfield>
<subfield code="a">جواهري، محمد مهدي،</subfield>
<subfield code="d">1899؟1997.</subfield>
</datafield>
<datafield tag="880" ind1="1" ind2=" ">
<subfield code="6">700-05/</subfield>
<subfield code="a">علوي، هادي.</subfield>
</datafield>
<datafield tag="OWN" ind1=" " ind2=" ">
<subfield code="a">GENERAL</subfield>
</datafield>
<datafield tag="AVA" ind1=" " ind2=" ">
<subfield code="a">NYU50</subfield>
<subfield code="b">BOBST</subfield>
<subfield code="c">Main Collection</subfield>
<subfield code="d">PJ7840.A85 Z6 1969</subfield>
<subfield code="e">unavailable</subfield>
<subfield code="t">Unavailable</subfield>
<subfield code="f">1</subfield>
<subfield code="g">1</subfield>
<subfield code="h">N</subfield>
<subfield code="i">0</subfield>
<subfield code="j">MAIN</subfield>
<subfield code="k">0</subfield>
</datafield>
</record>
